@misc{Admin2023,
	author = {Admin},
	month = {5},
	title = {{DeepSORT: SORT with a Deep Association Metric}},
	year = {2023},
	url = {https://www.luffca.com/2023/05/multiple-object-tracking-DeepSORT},
}