@ARTICLE{Amosa2023-se,
  title     = "Multi-camera multi-object tracking: A review of current trends
               and future advances",
  author    = "Amosa, Temitope Ibrahim and Sebastian, Patrick and Izhar, Lila
               Iznita and Ibrahim, Oladimeji and Ayinla, Lukman Shehu and
               Bahashwan, Abdulrahman Abdullah and Bala, Abubakar and Samaila,
               Yau Alhaji",
  journal   = "Neurocomputing",
  publisher = "Elsevier BV",
  volume    =  552,
  number    =  126558,
  pages     = "126558",
  month     =  oct,
  year      =  2023,
  copyright = "http://creativecommons.org/licenses/by/4.0/",
  language  = "en"
}
