@misc{Boujou2022,
  author       = {Boujou, M.},
  title        = {Omni-Scale Feature Learning for Person Re-Identification},
  year         = {2022},
  month        = mar,
  url          = {https://medium.com/@moncefboujou96/omni-scale-feature-learning-for-person-re-identification-6e09df1c9a1a},
  note         = {Accessed: 2025-04-23}
}
