@misc{BPlanAI2025,
	author = {BPlanAI},
	month = {4},
	title = {{What are the Top 7 KPIs for an In-Store Marketing Agency Business?}},
	year = {2025},
	url = {https://bplan.ai/blogs/kpi-metrics/in-store-marketing-agency-kpi-metrics?utm_source=chatgpt.com},
}