@article{Brooke1995,
author = {Brooke, John},
year = {1995},
month = {11},
pages = {},
title = {SUS: A quick and dirty usability scale},
volume = {189},
journal = {Usability Eval. Ind.}
}