@article{Cabahug2023,
  title = {Customer Counting and Mapping for Intelligent Retail Environment using Computer Vision},
  author = {Cabahug, Jhon Lloyd and Gulle, Anferny Glenn and Macarayo, Dave and Perez, Leander Danilo},
  publisher = {University of Science and Technology of Southern Philippines - CDO},
  year = {2023},
  address = {Cagayan de Oro City, Philippines},
}