@misc{Carden2025,
	author = {Carden, Frances},
	month = {3},
	title = {{Usability}},
	year = {2025},
	url = {https://www.usability.gov/how-to-and-tools/methods/system-usability-scale.html},
}