@INCOLLECTION{Cobos2019-hd,
  title     = "Retail traffic-flow analysis using a fast multi-object detection
               and tracking system",
  booktitle = "Applications of Computational Intelligence",
  author    = "Cobos, Richard and Hernandez, Jefferson and Abad, Andres G",
  publisher = "Springer International Publishing",
  pages     = "29--39",
  series    = "Communications in computer and information science",
  year      =  2019,
  address   = "Cham"
}
