@misc{CountTrack2025,
	author = {CountTrack},
	year = {2025},
	title = {{Dwell Time: Understanding customer behavior and increasing sales in retail}},
	url = {https://www.counttrack.com/blog-and-news/dwell-time-understanding-customer-behavior-and-increasing-sales-in-retail},
}