@misc{GeeksforGeeks2025,
  title = {Residual Networks (ResNet) â€“ Deep Learning},
  author = {{GeeksforGeeks}},
  year = {2025},
  month = {January},
  url = {https://www.geeksforgeeks.org/residual-networks-resnet-deep-learning/},
  note = {Accessed: 2025-04-23}
}
