@INPROCEEDINGS{Han2023,
  author={Han, Xiaotian and You, Quanzeng and Wang, Chunyu and Zhang, Zhizheng and Chu, Peng and Hu, Houdong and Wang, Jiang and Liu, Zicheng},
  booktitle={2023 IEEE/CVF Winter Conference on Applications of Computer Vision (WACV)}, 
  title={MMPTRACK: Large-scale Densely Annotated Multi-camera Multiple People Tracking Benchmark}, 
  year={2023},
  volume={},
  number={},
  pages={4849-4858},
  keywords={Training;Adaptation models;Three-dimensional displays;Benchmark testing;Cameras;Data models;Sensor systems;Algorithms: Video recognition and understanding (tracking;action recognition;etc.)},
  doi={10.1109/WACV56688.2023.00484}}
