@INCOLLECTION{Li2019-su,
  title     = "Object re-identification based on deep learning",
  booktitle = "Visual Object Tracking with Deep Neural Networks",
  author    = "Li, Xiying and Zhou, Zhihao",
  publisher = "IntechOpen",
  month     =  dec,
  year      =  2019
}
