@article{Shili2024,
  author = {Shili, Mohamed and Jayasingh, Suresh and Hammedi, Salah},
  title = {Advanced Customer Behavior Tracking and Heatmap Analysis with YOLOv5 and DeepSORT in Retail Environment},
  journal = {Electronics},
  volume = {13},
  number = {23},
  pages = {4730},
  year = {2024},
  doi = {10.3390/electronics13234730},
  url = {https://doi.org/10.3390/electronics13234730},
}
