@article{Suljagic2022,
author = {Suljagic, Harun and Bayraktar, ErtuÄŸrul and Celebi, Numan},
year = {2022},
month = {06},
title = {Similarity based person re-identification for multi-object tracking using deep Siamese network},
volume = {34},
journal = {Neural Computing and Applications},
doi = {10.1007/s00521-022-07456-2}
}