@misc{Sun2022, 
  title={CUSTOMER CONSUMER PREFERENCES RESEARCH.CASE YUMYUM BAKING OY},
  url={https://www.theseus.fi/bitstream/handle/10024/788057/Sun_Xiaodan.pdf;jsessionid=6CA528C7C830D09E72601DD32F6DC6A2?sequence=2}, 
  journal={theseus}, 
  author={Sun, Xiaodan}, 
  year={2022}
}