@misc{ultralytics-2025,
author = {Ultralytics},
month = {3},
title = {Model comparisons: Choose the best object detection model for your project},
year = {2025},
url = {https://docs.ultralytics.com/compare/},
}