@misc{Ultralytics2025a,
	author = {Ultralytics},
	month = {3},
	title = {YOLOV10},
	year = {2025},
	url = {https://docs.ultralytics.com/models/yolov10/#performance},
}