@INPROCEEDINGS{Xie2024-vw,
  title           = "A robust online multi-camera people tracking system with
                     geometric consistency and state-aware {re-ID} correction",
  booktitle       = "2024 {IEEE/CVF} Conference on Computer Vision and Pattern
                     Recognition Workshops ({CVPRW})",
  author          = "Xie, Zhenyu and Ni, Zelin and Yang, Wenjie and Zhang,
                     Yuang and Chen, Yihang and Zhang, Yang and Ma, Xiao",
  publisher       = "IEEE",
  pages           = "7007--7016",
  month           =  jun,
  year            =  2024,
  conference      = "2024 IEEE/CVF Conference on Computer Vision and Pattern
                     Recognition Workshops (CVPRW)",
  location        = "Seattle, WA, USA"
}
