@ARTICLE{Xu2021-vc,
  title     = "Multi-view feature fusion for person re-identification",
  author    = "Xu, Yinsong and Jiang, Zhuqing and Men, Aidong and Wang, Haiying
               and Luo, Haiyong",
  journal   = "Knowl. Based Syst.",
  publisher = "Elsevier BV",
  volume    =  229,
  number    =  107344,
  pages     = "107344",
  month     =  oct,
  year      =  2021,
  copyright = "http://creativecommons.org/licenses/by-nc-nd/4.0/",
  language  = "en"
}
